<?xml version="1.0" encoding="UTF-8"?><record xmlns="http://www.loc.gov/MARC21/slim" xmlns:cinclude="http://apache.org/cocoon/include/1.0" xmlns:zs="http://www.loc.gov/zing/srw/">
  <leader>00300nz  a2200121n  4500</leader>
  <controlfield tag="001">nr2006002204</controlfield>
  <controlfield tag="003">DLC</controlfield>
  <controlfield tag="005">20060128033112.0</controlfield>
  <controlfield tag="008">060127n| acannaabn          |n aaa     c</controlfield>
  <datafield tag="010" ind1=" " ind2=" ">
    <subfield code="a">nr2006002204</subfield>
  </datafield>
  <datafield tag="040" ind1=" " ind2=" ">
    <subfield code="a">UkOxU</subfield>
    <subfield code="b">eng</subfield>
    <subfield code="c">UkOxU</subfield>
  </datafield>
  <datafield tag="100" ind1="1" ind2=" ">
    <subfield code="a">Plumb, Sally</subfield>
  </datafield>
  <datafield tag="670" ind1=" " ind2=" ">
    <subfield code="a">Midnight writer, 2004:</subfield>
    <subfield code="b">t.p. (Sally Plumb)</subfield>
  </datafield>
</record>